@INPROCEEDINGS{indianauav,  author={Lee, Jangwon and Wang, Jingya and Crandall, David and Šabanović, Selma and Fox, Geoffrey},  booktitle={2017 First IEEE International Conference on Robotic Computing (IRC)},   title={Real-Time, Cloud-Based Object Detection for Unmanned Aerial Vehicles},   year={2017},  volume={},  number={},  pages={36-43},  doi={10.1109/IRC.2017.77}}

@INPROCEEDINGS{monocularmav,  author={Lim, Hyon and Sinha, Sudipta N.},  booktitle={2015 IEEE International Conference on Robotics and Automation (ICRA)},   title={Monocular Localization of a moving person onboard a Quadrotor MAV},   year={2015},  volume={},  number={},  pages={2182-2189},  doi={10.1109/ICRA.2015.7139487}}

@TECHREPORT{interiorjob, booktitle={U.S. Department of the Interior}, title={Natural Disaster Response and Recovery}, year={2021}, url={https://www.doi.gov/recovery}}

@ARTICLE{nanotech, author={Gaurav Kaila}, booktitle={Medium Deep Learning}, title={How to easily do Object Detection on Drone Imagery using Deep learning}, year={2018}, month={June}, number={}, pages={}, url={https://medium.com/nanonets/how-we-flew-a-drone-to-monitor-construction-projects-in-africa-using-deep-learning-b792f5c9c471}}

@ARTICLE{datasets,  author={Pawełczyk, Maciej Ł. and Wojtyra, Marek},  journal={IEEE Access},   title={Real World Object Detection Dataset for Quadcopter Unmanned Aerial Vehicle Detection},   year={2020},  volume={8},  number={},  pages={174394-174409},  doi={10.1109/ACCESS.2020.3026192}}